<?xml version="1.0" encoding="UTF-8"?><collection xmlns="http://www.loc.gov/MARC21/slim"><record><leader>00562nam--2200193-u-4500</leader><controlfield tag="001">000056734</controlfield><controlfield tag="002">20181212</controlfield><controlfield tag="005">20181212024429</controlfield><controlfield tag="008">181212s1000------------r-----000-0-eng-d</controlfield><datafield ind1=" " ind2=" " tag="040"><subfield code="a">IFIN-HH</subfield></datafield><datafield ind1="1" ind2=" " tag="041"><subfield code="a">eng</subfield></datafield><datafield ind1="1" ind2=" " tag="100"><subfield code="a">Astbury, Alan</subfield></datafield><datafield ind1="1" ind2="0" tag="245"><subfield code="a">Proceedings of the 29th International Conference on High Energy Physics</subfield><subfield code="c">Alan Astbury, David Axn, javob Robinson (eds.)</subfield></datafield><datafield ind1=" " ind2=" " tag="260"><subfield code="a">Singapore</subfield><subfield code="b">World Scientific</subfield><subfield code="c">1999</subfield></datafield><datafield ind1=" " ind2=" " tag="300"><subfield code="a">964 p</subfield></datafield><datafield ind1=" " ind2=" " tag="500"><subfield code="a">Donatie Ioan Ursu</subfield></datafield><datafield ind1="1" ind2=" " tag="700"><subfield code="a">Robinson, Jacob</subfield></datafield><datafield ind1=" " ind2=" " tag="852"><subfield code="a">82489</subfield><subfield code="c">I.U</subfield></datafield><datafield ind1=" " ind2=" " tag="CAT"><subfield code="a">SYS</subfield><subfield code="c">20181212</subfield><subfield code="h">024429</subfield></datafield></record></collection>